<record><leader>00000cas a22000007a 4500</leader><controlfield tag="001">12299226</controlfield><controlfield tag="008">850724d18921914iauwr ne      0    0eng d</controlfield><datafield ind1=" " ind2=" " tag="010"><subfield code="a">sn 85049668 </subfield></datafield><datafield ind1=" " ind2=" " tag="040"><subfield code="a">INP</subfield><subfield code="b">eng</subfield><subfield code="c">INP</subfield><subfield code="d">OCLCQ</subfield></datafield><datafield ind1=" " ind2=" " tag="042"><subfield code="a">msc</subfield></datafield><datafield ind1="0" ind2="0" tag="245"><subfield code="a">Center Point journal.</subfield></datafield><datafield ind1="1" ind2="3" tag="246"><subfield code="a">Courier journal</subfield><subfield code="f">Jan. 7-Jan. 28, 1892</subfield></datafield><datafield ind1=" " ind2=" " tag="260"><subfield code="a">Center Point, Iowa :</subfield><subfield code="b">T.H. Oxley</subfield></datafield><datafield ind1=" " ind2=" " tag="300"><subfield code="a">v. :</subfield><subfield code="b">ill.</subfield></datafield><datafield ind1=" " ind2=" " tag="310"><subfield code="a">Weekly,</subfield><subfield code="b">Apr. 19, 1900-</subfield></datafield><datafield ind1=" " ind2=" " tag="321"><subfield code="a">Weekly,</subfield><subfield code="b">Jan. 7, 1892-May 6, 1898</subfield></datafield><datafield ind1=" " ind2=" " tag="321"><subfield code="a">Semiweekly,</subfield><subfield code="b">May 11, 1898-Apr. 13, 1900</subfield></datafield><datafield ind1="1" ind2=" " tag="362"><subfield code="a">Began in 1892?</subfield><subfield code="z">Cf. Bibl. of Iowa newspapers.</subfield></datafield><datafield ind1="1" ind2=" " tag="362"><subfield code="a">Ceased in Feb. 1914.</subfield><subfield code="z">Cf. Center Point Independent, May 15, 1914.</subfield></datafield><datafield ind1=" " ind2=" " tag="588"><subfield code="a">Description based on: Vol. 27, no. 2 (Jan. 7, 1892).</subfield></datafield><datafield ind1=" " ind2=" " tag="752"><subfield code="a">United States</subfield><subfield code="b">Iowa</subfield><subfield code="c">Linn</subfield><subfield code="d">Center Point.</subfield></datafield><datafield ind1="0" ind2="0" tag="780"><subfield code="t">Center Point courier journal</subfield><subfield code="w">(DLC)sn 85049667</subfield></datafield><datafield ind1="0" ind2="5" tag="780"><subfield code="t">Iowa herald</subfield></datafield><datafield ind1="0" ind2="0" tag="785"><subfield code="t">Center Point independent</subfield><subfield code="w">(DLC)sn 85049669</subfield></datafield></record>